@article{Alpher02,
  author = {FirstName Alpher},
  title = {Frobnication},
  journal = PAMI,
  volume = 12,
  number = 1,
  pages = {234--778},
  year = 2002
}
@book{fao2023,
  title = {The State of Food and Agriculture 2022},
  author = {Food and Agriculture Organization of the United Nations},
  year = {2023},
  publisher = {FAO},
  doi = {10.4060/cb2429en},
  url = {https://www.fao.org/3/cb2429en/cb2429en.pdf}
}
@misc{unpd22,
 author = {United Nations Population Division},
 title = {World Population Prospects 2022 Revision},
 url = {https://population.un.org/wpp/},
 year = 2022
}
@article{UAV_HTPAR_2016,
    doi = {10.1371/journal.pone.0159781},
    author = {Shi, Yeyin AND Thomasson, J. Alex AND Murray, Seth C. AND Pugh, N. Ace AND Rooney, William L. AND Shafian, Sanaz AND Rajan, Nithya AND Rouze, Gregory AND Morgan, Cristine L. S. AND Neely, Haly L. AND Rana, Aman AND Bagavathiannan, Muthu V. AND Henrickson, James AND Bowden, Ezekiel AND Valasek, John AND Olsenholler, Jeff AND Bishop, Michael P. AND Sheridan, Ryan AND Putman, Eric B. AND Popescu, Sorin AND Burks, Travis AND Cope, Dale AND Ibrahim, Amir AND McCutchen, Billy F. AND Baltensperger, David D. AND Avant, Jr, Robert V. AND Vidrine, Misty AND Yang, Chenghai},
    journal = {PLOS ONE},
    publisher = {Public Library of Science},
    title = {Unmanned Aerial Vehicles for High-Throughput Phenotyping and Agronomic Research},
    year = {2016},
    month = {07},
    volume = {11},
    url = {https://doi.org/10.1371/journal.pone.0159781},
    pages = {1-26}
}
@misc{shi_2021_5089956,
  title={Data from: Unmanned aerial vehicles for high-throughput phenotyping and agronomic research},
  author={Shi, Yeyin and
                  Thomasson, John Alex and
                  Murray, Seth C. and
                  Pugh, Nicholas Ace and
                  Rooney, William L. and
                  Shafian, Sanaz and
                  Rajan, Nithya and
                  Rouze, Gregory and
                  Morgan, Cristine L.S. and
                  Neely, Haly L. and
                  Rana, Aman and
                  Bagavathiannan, Muthu V. and
                  Henrichson, James and
                  Bowden, Ezekiel and
                  Valasek, John and
                  Olsenholler, Jeff and
                  Bishop, Michael P. and
                  Sheridan, Ryan and
                  Putman, Eric B. and
                  Popescu, Sorin and
                  Burks, Travis and
                  Cope, Dale and
                  Ibrahim, Amir and
                  McCutchen, Billy F. and
                  Baltensperger, David D. and
                  Avant Jr, Robert V. and
                  Vidrine, Misty and
                  Yang, Chenghai and
                  Morgan, Cristine L. S. and
                  Avant, Robert V. and
                  Henrickson, James},
  year={2021},
  month={07},
  publisher={Zenodo}
}
@misc{dosovitskiy2021image,
      title={An Image is Worth 16x16 Words: Transformers for Image Recognition at Scale}, 
      author={Alexey Dosovitskiy and Lucas Beyer and Alexander Kolesnikov and Dirk Weissenborn and Xiaohua Zhai and Thomas Unterthiner and Mostafa Dehghani and Matthias Minderer and Georg Heigold and Sylvain Gelly and Jakob Uszkoreit and Neil Houlsby},
      year={2021},
      eprint={2010.11929},
      archivePrefix={arXiv},
      primaryClass={cs.CV}
}
@inproceedings{deng2009imagenet,
  title={Imagenet: A large-scale hierarchical image database},
  author={Deng, Jia and Dong, Wei and Socher, Richard and Li, Li-Jia and Li, Kai and Fei-Fei, Li},
  booktitle={2009 IEEE conference on computer vision and pattern recognition},
  pages={248--255},
  year={2009},
  organization={Ieee}
}
@misc{vaswani2023attention,
      title={Attention Is All You Need}, 
      author={Ashish Vaswani and Noam Shazeer and Niki Parmar and Jakob Uszkoreit and Llion Jones and Aidan N. Gomez and Lukasz Kaiser and Illia Polosukhin},
      year={2023},
      eprint={1706.03762},
      archivePrefix={arXiv},
      primaryClass={cs.CL}
}
@article{DBLP:journals/corr/abs-2201-08371,
  author       = {Mannat Singh and
                  Laura Gustafson and
                  Aaron Adcock and
                  Vinicius de Freitas Reis and
                  Bugra Gedik and
                  Raj Prateek Kosaraju and
                  Dhruv Mahajan and
                  Ross B. Girshick and
                  Piotr Doll{\'{a}}r and
                  Laurens van der Maaten},
  title        = {Revisiting Weakly Supervised Pre-Training of Visual Perception Models},
  journal      = {CoRR},
  volume       = {abs/2201.08371},
  year         = {2022},
  url          = {https://arxiv.org/abs/2201.08371},
  eprinttype    = {arXiv},
  eprint       = {2201.08371},
  timestamp    = {Tue, 01 Feb 2022 14:59:01 +0100},
  biburl       = {https://dblp.org/rec/journals/corr/abs-2201-08371.bib},
  bibsource    = {dblp computer science bibliography, https://dblp.org}
}
@misc{touvron2021training,
      title={Training data-efficient image transformers \& distillation through attention}, 
      author={Hugo Touvron and Matthieu Cord and Matthijs Douze and Francisco Massa and Alexandre Sablayrolles and Hervé Jégou},
      year={2021},
      eprint={2012.12877},
      archivePrefix={arXiv},
      primaryClass={cs.CV}
}
@article{huber1964robust,
author = {Peter J. Huber},
title = {{Robust Estimation of a Location Parameter}},
volume = {35},
journal = {The Annals of Mathematical Statistics},
number = {1},
publisher = {Institute of Mathematical Statistics},
pages = {73 -- 101},
year = {1964},
doi = {10.1214/aoms/1177703732},
URL = {https://doi.org/10.1214/aoms/1177703732}
}
@misc{moshagen2021finding,
      title={Finding hidden-feature depending laws inside a data set and classifying it using Neural Network}, 
      author={Thilo Moshagen and Nihal Acharya Adde and Ajay Navilarekal Rajgopal},
      year={2021},
      eprint={2101.10427},
      archivePrefix={arXiv},
      primaryClass={cs.LG}
}

@misc{ba2016layer,
      title={Layer Normalization}, 
      author={Jimmy Lei Ba and Jamie Ryan Kiros and Geoffrey E. Hinton},
      year={2016},
      eprint={1607.06450},
      archivePrefix={arXiv},
      primaryClass={stat.ML}
}
@misc{he2015deep,
      title={Deep Residual Learning for Image Recognition}, 
      author={Kaiming He and Xiangyu Zhang and Shaoqing Ren and Jian Sun},
      year={2015},
      eprint={1512.03385},
      archivePrefix={arXiv},
      primaryClass={cs.CV}
}

@misc{smith2017cyclical,
      title={Cyclical Learning Rates for Training Neural Networks}, 
      author={Leslie N. Smith},
      year={2017},
      eprint={1506.01186},
      archivePrefix={arXiv},
      primaryClass={cs.CV}
}

@misc{loshchilov2019decoupled,
      title={Decoupled Weight Decay Regularization}, 
      author={Ilya Loshchilov and Frank Hutter},
      year={2019},
      eprint={1711.05101},
      archivePrefix={arXiv},
      primaryClass={cs.LG}
}

@misc{singh2022revisiting,
      title={Revisiting Weakly Supervised Pre-Training of Visual Perception Models}, 
      author={Mannat Singh and Laura Gustafson and Aaron Adcock and Vinicius de Freitas Reis and Bugra Gedik and Raj Prateek Kosaraju and Dhruv Mahajan and Ross Girshick and Piotr Dollár and Laurens van der Maaten},
      year={2022},
      eprint={2201.08371},
      archivePrefix={arXiv},
      primaryClass={cs.CV}
}
@article{jung2021potential,
  title={The potential of remote sensing and artificial intelligence as tools to improve the resilience of agriculture production systems},
  author={Jung, Jinha and Maeda, Murilo and Chang, Anjin and Bhandari, Mahendra and Ashapure, Akash and Landivar-Bowles, Juan},
  journal={Current Opinion in Biotechnology},
  volume={70},
  pages={15--22},
  year={2021},
  publisher={Elsevier}
}
@article{chang2017crop,
  title={Crop height monitoring with digital imagery from Unmanned Aerial System (UAS)},
  author={Chang, Anjin and Jung, Jinha and Maeda, Murilo M and Landivar, Juan},
  journal={Computers and Electronics in Agriculture},
  volume={141},
  pages={232--237},
  year={2017},
  publisher={Elsevier}
}
@misc{paszke2019pytorch,
      title={PyTorch: An Imperative Style, High-Performance Deep Learning Library}, 
      author={Adam Paszke and Sam Gross and Francisco Massa and Adam Lerer and James Bradbury and Gregory Chanan and Trevor Killeen and Zeming Lin and Natalia Gimelshein and Luca Antiga and Alban Desmaison and Andreas Köpf and Edward Yang and Zach DeVito and Martin Raison and Alykhan Tejani and Sasank Chilamkurthy and Benoit Steiner and Lu Fang and Junjie Bai and Soumith Chintala},
      year={2019},
      eprint={1912.01703},
      archivePrefix={arXiv},
      primaryClass={cs.LG}
}
@misc{Falcon_PyTorch_Lightning_2019,
      author = {Falcon, William and {The PyTorch Lightning team}},
      doi = {10.5281/zenodo.3828935},
      license = {Apache-2.0},
      month = mar,
      title = {{PyTorch Lightning}},
      url = {https://github.com/Lightning-AI/lightning},
      version = {1.4},
      year = {2019}
}
@misc{kingma2017adam,
      title={Adam: A Method for Stochastic Optimization}, 
      author={Diederik P. Kingma and Jimmy Ba},
      year={2017},
      eprint={1412.6980},
      archivePrefix={arXiv},
      primaryClass={cs.LG}
}
@misc{girshick2015fast,
      title={Fast R-CNN}, 
      author={Ross Girshick},
      year={2015},
      eprint={1504.08083},
      archivePrefix={arXiv},
      primaryClass={cs.CV}
}